<?xml version="1.0" encoding="UTF-8"?>
<record xmlns="http://www.loc.gov/MARC21/slim" xmlns:zs="http://docs.oasis-open.org/ns/search-ws/sruResponse">
 <leader>
  05106cpcaa22008777a 4500
 </leader>
 <controlfield tag="001">
  13517880
 </controlfield>
 <controlfield tag="005">
  20240830135503.0
 </controlfield>
 <controlfield tag="007">
  st omndmbi|||e
 </controlfield>
 <controlfield tag="008">
  040310i19821982dcu                 eng
 </controlfield>
 <datafield ind1=" " ind2=" " tag="906">
  <subfield code="a">
   7
  </subfield>
  <subfield code="b">
   cbc
  </subfield>
  <subfield code="c">
   orignew
  </subfield>
  <subfield code="d">
   1
  </subfield>
  <subfield code="e">
   ncip
  </subfield>
  <subfield code="f">
   19
  </subfield>
  <subfield code="g">
   y-folklife
  </subfield>
 </datafield>
 <datafield ind1=" " ind2=" " tag="955">
  <subfield code="a">
   mfor ?/?/96; shal 10/14/99; kblu 02-04-00; cker 02-04-00; mkru 2004-03-17; mkru 2004-05-25; mkru 2004-09-30; mkru 2004-11-17; mkru 2005-07-11; mkru 2011-05-09
  </subfield>
  <subfield code="a">
   mkru 2013-08-27; cker 2015-12-14
  </subfield>
  <subfield code="a">
   mkru 2015-12-15
  </subfield>
  <subfield code="a">
   mseg 2017-07-08
  </subfield>
  <subfield code="a">
   mseg 2017-07-11
  </subfield>
  <subfield code="a">
   mkru 2017-10-16
  </subfield>
  <subfield code="a">
   masmit 2020-06-04
  </subfield>
  <subfield code="a">
   masmit 2024-08-30
  </subfield>
 </datafield>
 <datafield ind1=" " ind2=" " tag="010">
  <subfield code="a">
   2004695015
  </subfield>
 </datafield>
 <datafield ind1=" " ind2=" " tag="035">
  <subfield code="a">
   afc96000023
  </subfield>
 </datafield>
 <datafield ind1=" " ind2=" " tag="040">
  <subfield code="a">
   DLC
  </subfield>
  <subfield code="e">
   appm
  </subfield>
  <subfield code="c">
   DLC
  </subfield>
  <subfield code="d">
   DLC
  </subfield>
 </datafield>
 <datafield ind1="0" ind2=" " tag="041">
  <subfield code="a">
   eng
  </subfield>
  <subfield code="d">
   eng
  </subfield>
  <subfield code="d">
   spa
  </subfield>
  <subfield code="d">
   gaa
  </subfield>
  <subfield code="d">
   wol
  </subfield>
 </datafield>
 <datafield ind1=" " ind2=" " tag="043">
  <subfield code="a">
   n-us---
  </subfield>
  <subfield code="a">
   f-----
  </subfield>
  <subfield code="a">
   a-ja---
  </subfield>
 </datafield>
 <datafield ind1=" " ind2=" " tag="090">
  <subfield code="a">
   RWA 2546-2547; RWA 3013-3014; RWA 3761; RWA 3804-3805; RWA 4143-4144; RWA 4162-4163; RWA 4477-4478
  </subfield>
 </datafield>
 <datafield ind1=" " ind2=" " tag="090">
  <subfield code="a">
   AFC 1982/011
  </subfield>
 </datafield>
 <datafield ind1="0" ind2="0" tag="245">
  <subfield code="a">
   1982 Neptune Plaza Concert Series collection,
  </subfield>
  <subfield code="f">
   1982 /
  </subfield>
  <subfield code="c">
   sponsored by the American Folklife Center ; assisted by the National Council for the Traditional Arts.
  </subfield>
 </datafield>
 <datafield ind1="0" ind2=" " tag="246">
  <subfield code="a">
   American Folklife Center concert, 1982
  </subfield>
 </datafield>
 <datafield ind1=" " ind2=" " tag="260">
  <subfield code="c">
   1982.
  </subfield>
 </datafield>
 <datafield ind1=" " ind2=" " tag="300">
  <subfield code="3">
   manuscripts
  </subfield>
  <subfield code="a">
   8
  </subfield>
  <subfield code="f">
   folders.
  </subfield>
 </datafield>
 <datafield ind1=" " ind2=" " tag="300">
  <subfield code="3">
   sound recordings
  </subfield>
  <subfield code="a">
   13 sound tape reels :
  </subfield>
  <subfield code="b">
   analog, 7 1/2 ips, 2 track, mono. ;
  </subfield>
  <subfield code="c">
   10 in.
  </subfield>
 </datafield>
 <datafield ind1=" " ind2=" " tag="300">
  <subfield code="3">
   graphic materials
  </subfield>
  <subfield code="a">
   181 photographs :
  </subfield>
  <subfield code="b">
   black and white, negatives.
  </subfield>
 </datafield>
 <datafield ind1=" " ind2=" " tag="300">
  <subfield code="3">
   graphic materials
  </subfield>
  <subfield code="a">
   173 slides :
  </subfield>
  <subfield code="b">
   color.
  </subfield>
 </datafield>
 <datafield ind1=" " ind2=" " tag="300">
  <subfield code="3">
   graphic materials
  </subfield>
  <subfield code="a">
   5 photographic prints :
  </subfield>
  <subfield code="b">
   black and white ;
  </subfield>
  <subfield code="c">
   various sizes.
  </subfield>
 </datafield>
 <datafield ind1=" " ind2="0" tag="440">
  <subfield code="a">
   Neptune Plaza concert series
  </subfield>
 </datafield>
 <datafield ind1=" " ind2=" " tag="520">
  <subfield code="a">
   The collection consists of manuscript materials, sound recordings, and photographs documenting the performance of Irish music, Ghanaian music and dance, Japanese koto music, Mexican string band music, Senegalese music, and West Virginia old-time music recorded live outdoors on Neptune Plaza in front of the Thomas Jefferson Building, Library of Congress, at concerts from April through October 1982, sponsored by the American Folklife Center and the National Council for the Traditional Arts.
  </subfield>
 </datafield>
 <datafield ind1="0" ind2=" " tag="505">
  <subfield code="a">
   April 15: The Irish Tradition -- May 20: Oboade Drumming and Dance Company, with Yacub Addy  (Ghanaian music and dance) -- June 17: The Washington Toho Koto Society, Washington, D.C. (Japanese koto music) -- July 15: Los Pregoneros del Puerto (Mexican music) -- August 19: Djimo Kouyate, Washington, D.C. (Senegalese music) -- September 16: Dave Morris, West Virginia (Old-time country music) -- October 19: The Washington Toho Koto Society, Washington, D.C. (Japanese koto music)
  </subfield>
 </datafield>
 <datafield ind1="8" ind2=" " tag="524">
  <subfield code="a">
   1982 Neptune Plaza Concert Series collection (AFC 1982/011), American Folklife Center, Library of Congress, Washington, D.C.
  </subfield>
 </datafield>
 <datafield ind1=" " ind2=" " tag="540">
  <subfield code="a">
   Duplication of the recorded materials may be governed by copyright and other restrictions.
  </subfield>
 </datafield>
 <datafield ind1="1" ind2=" " tag="506">
  <subfield code="a">
   Collection is open for research; access restrictions for some materials may apply. To request materials, please contact the Folklife Reading Room at
  </subfield>
  <subfield code="u">
   https://hdl.loc.gov/loc.afc/folklife.contact
  </subfield>
 </datafield>
 <datafield ind1=" " ind2=" " tag="546">
  <subfield code="3">
   Manuscripts
  </subfield>
  <subfield code="a">
   in English.
  </subfield>
 </datafield>
 <datafield ind1=" " ind2=" " tag="546">
  <subfield code="3">
   Sound recordings
  </subfield>
  <subfield code="a">
   in English, Ga, Spanish, Wolof.
  </subfield>
 </datafield>
 <datafield ind1="0" ind2=" " tag="555">
  <subfield code="a">
   Finding aid available in the Folklife Reading Room and online
  </subfield>
  <subfield code="u">
   https://hdl.loc.gov/loc.afc/eadafc.af011009
  </subfield>
 </datafield>
 <datafield ind1=" " ind2="0" tag="650">
  <subfield code="a">
   Folk music
  </subfield>
  <subfield code="z">
   United States.
  </subfield>
 </datafield>
 <datafield ind1=" " ind2="0" tag="650">
  <subfield code="a">
   Music
  </subfield>
  <subfield code="z">
   Japan.
  </subfield>
 </datafield>
 <datafield ind1=" " ind2="0" tag="650">
  <subfield code="a">
   Folk music
  </subfield>
  <subfield code="z">
   Ireland.
  </subfield>
 </datafield>
 <datafield ind1=" " ind2="0" tag="650">
  <subfield code="a">
   Folk dance music
  </subfield>
  <subfield code="z">
   Ireland.
  </subfield>
 </datafield>
 <datafield ind1=" " ind2="0" tag="650">
  <subfield code="a">
   Irish Americans
  </subfield>
  <subfield code="v">
   Music.
  </subfield>
 </datafield>
 <datafield ind1=" " ind2="0" tag="650">
  <subfield code="a">
   Music
  </subfield>
  <subfield code="z">
   Ghana.
  </subfield>
 </datafield>
 <datafield ind1=" " ind2="0" tag="650">
  <subfield code="a">
   Drum music
  </subfield>
  <subfield code="z">
   Ghana.
  </subfield>
 </datafield>
 <datafield ind1=" " ind2="0" tag="650">
  <subfield code="a">
   Dance
  </subfield>
  <subfield code="z">
   Ghana.
  </subfield>
 </datafield>
 <datafield ind1=" " ind2="0" tag="650">
  <subfield code="a">
   Dance music
  </subfield>
  <subfield code="z">
   Ghana.
  </subfield>
 </datafield>
 <datafield ind1=" " ind2="0" tag="650">
  <subfield code="a">
   Dance
  </subfield>
  <subfield code="z">
   Africa, West.
  </subfield>
 </datafield>
 <datafield ind1=" " ind2="0" tag="650">
  <subfield code="a">
   Folk music
  </subfield>
  <subfield code="z">
   Mexico
  </subfield>
  <subfield code="z">
   Veracruz-Llave (State)
  </subfield>
 </datafield>
 <datafield ind1=" " ind2="0" tag="650">
  <subfield code="a">
   Folk music
  </subfield>
  <subfield code="z">
   California.
  </subfield>
 </datafield>
 <datafield ind1=" " ind2="0" tag="650">
  <subfield code="a">
   Country music
  </subfield>
  <subfield code="z">
   Middle Atlantic States.
  </subfield>
 </datafield>
 <datafield ind1=" " ind2="0" tag="650">
  <subfield code="a">
   Old-time music
  </subfield>
  <subfield code="z">
   West Virginia.
  </subfield>
 </datafield>
 <datafield ind1=" " ind2="0" tag="650">
  <subfield code="a">
   Japanese Americans
  </subfield>
  <subfield code="z">
   Washington (D.C.)
  </subfield>
  <subfield code="v">
   Music.
  </subfield>
 </datafield>
 <datafield ind1=" " ind2="0" tag="650">
  <subfield code="a">
   Senegalese Americans
  </subfield>
  <subfield code="z">
   Washington (D.C.)
  </subfield>
  <subfield code="v">
   Music.
  </subfield>
 </datafield>
 <datafield ind1=" " ind2="0" tag="650">
  <subfield code="a">
   Music
  </subfield>
  <subfield code="z">
   Senegal.
  </subfield>
 </datafield>
 <datafield ind1=" " ind2="0" tag="650">
  <subfield code="a">
   Koto music.
  </subfield>
 </datafield>
 <datafield ind1=" " ind2="0" tag="650">
  <subfield code="a">
   Kora music.
  </subfield>
 </datafield>
 <datafield ind1=" " ind2="7" tag="655">
  <subfield code="a">
   Sound recordings.
  </subfield>
  <subfield code="2">
   lcgft
  </subfield>
 </datafield>
 <datafield ind1=" " ind2="7" tag="655">
  <subfield code="a">
   Manuscripts.
  </subfield>
  <subfield code="2">
   aat
  </subfield>
 </datafield>
 <datafield ind1=" " ind2="7" tag="655">
  <subfield code="a">
   Photographic prints.
  </subfield>
  <subfield code="2">
   aat
  </subfield>
 </datafield>
 <datafield ind1=" " ind2="7" tag="655">
  <subfield code="a">
   Photographs.
  </subfield>
  <subfield code="2">
   aat
  </subfield>
 </datafield>
 <datafield ind1=" " ind2="7" tag="655">
  <subfield code="a">
   Color slides.
  </subfield>
  <subfield code="2">
   aat
  </subfield>
 </datafield>
 <datafield ind1=" " ind2="7" tag="655">
  <subfield code="a">
   Songs.
  </subfield>
  <subfield code="2">
   lcgft
  </subfield>
 </datafield>
 <datafield ind1=" " ind2="7" tag="655">
  <subfield code="a">
   Folk music.
  </subfield>
  <subfield code="2">
   lcgft
  </subfield>
 </datafield>
 <datafield ind1="1" ind2=" " tag="700">
  <subfield code="a">
   Kouyate, Djimo,
  </subfield>
  <subfield code="e">
   performer.
  </subfield>
 </datafield>
 <datafield ind1="1" ind2=" " tag="700">
  <subfield code="a">
   Morris, Dave
  </subfield>
  <subfield code="c">
   (Vocalist),
  </subfield>
  <subfield code="e">
   performer.
  </subfield>
 </datafield>
 <datafield ind1="1" ind2=" " tag="700">
  <subfield code="a">
   Addy, Yacub,
  </subfield>
  <subfield code="e">
   performer.
  </subfield>
 </datafield>
 <datafield ind1="2" ind2=" " tag="710">
  <subfield code="a">
   Irish Tradition (Musical group),
  </subfield>
  <subfield code="e">
   performer.
  </subfield>
 </datafield>
 <datafield ind1="2" ind2=" " tag="710">
  <subfield code="a">
   Washington Toho Koto Society,
  </subfield>
  <subfield code="e">
   performer.
  </subfield>
 </datafield>
 <datafield ind1="2" ind2=" " tag="710">
  <subfield code="a">
   Pregoneros del Puerto,
  </subfield>
  <subfield code="e">
   performer.
  </subfield>
 </datafield>
 <datafield ind1="2" ind2=" " tag="710">
  <subfield code="a">
   American Folklife Center,
  </subfield>
  <subfield code="e">
   sponsor.
  </subfield>
 </datafield>
 <datafield ind1="2" ind2=" " tag="710">
  <subfield code="a">
   Archive of Folk Culture (Library of Congress),
  </subfield>
  <subfield code="e">
   collector.
  </subfield>
 </datafield>
 <datafield ind1="2" ind2=" " tag="710">
  <subfield code="a">
   National Council for the Traditional Arts,
  </subfield>
  <subfield code="e">
   sponsor.
  </subfield>
 </datafield>
 <datafield ind1=" " ind2=" " tag="751">
  <subfield code="a">
   Washington (D.C.),
  </subfield>
  <subfield code="e">
   event place.
  </subfield>
 </datafield>
 <datafield ind1=" " ind2=" " tag="852">
  <subfield code="a">
   Library of Congress
  </subfield>
  <subfield code="b">
   American Folklife Center,
  </subfield>
  <subfield code="e">
   101 Independence Ave. S.E., Washington, DC USA 20540-4610
  </subfield>
  <subfield code="u">
   https://hdl.loc.gov/loc.afc/folklife.home
  </subfield>
 </datafield>
 <datafield ind1="4" ind2="2" tag="856">
  <subfield code="3">
   Finding aid
  </subfield>
  <subfield code="u">
   https://hdl.loc.gov/loc.afc/eadafc.af011009
  </subfield>
 </datafield>
 <datafield ind1=" " ind2=" " tag="985">
  <subfield code="a">
   afc/ead
  </subfield>
 </datafield>
 <datafield ind1=" " ind2=" " tag="985">
  <subfield code="a">
   afc/coll
  </subfield>
 </datafield>
 <datafield ind1=" " ind2=" " tag="985">
  <subfield code="a">
   afc/event
  </subfield>
 </datafield>
</record>
